<record><leader>00000cas a2200000 a 4500</leader><controlfield tag="001">11615678</controlfield><controlfield tag="008">850124d18391839txuwr ne      0   a0eng d</controlfield><datafield ind1=" " ind2=" " tag="010"><subfield code="a">sn 86090807 </subfield></datafield><datafield ind1=" " ind2=" " tag="040"><subfield code="a">TXR</subfield><subfield code="b">eng</subfield><subfield code="c">TXR</subfield><subfield code="d">PPM</subfield><subfield code="d">OCL</subfield><subfield code="d">OCLCQ</subfield></datafield><datafield ind1=" " ind2=" " tag="042"><subfield code="a">msc</subfield></datafield><datafield ind1="0" ind2="0" tag="245"><subfield code="a">Richmond telescope.</subfield></datafield><datafield ind1="1" ind2="3" tag="246"><subfield code="a">Richmond telescope and Texas literary register</subfield></datafield><datafield ind1="1" ind2="7" tag="246"><subfield code="a">Texas literary register</subfield></datafield><datafield ind1=" " ind2=" " tag="260"><subfield code="a">Richmond, Tex. :</subfield><subfield code="b">D.L. Wood,</subfield><subfield code="c">1839-</subfield></datafield><datafield ind1=" " ind2=" " tag="310"><subfield code="a">Weekly</subfield></datafield><datafield ind1="0" ind2=" " tag="362"><subfield code="a">Vol. 1, no. 1 (Apr. 27, 1839)-</subfield></datafield><datafield ind1="1" ind2=" " tag="362"><subfield code="a">Ceased in 1839.</subfield></datafield><datafield ind1=" " ind2=" " tag="752"><subfield code="a">United States</subfield><subfield code="b">Texas</subfield><subfield code="c">Fort Bend</subfield><subfield code="d">Richmond.</subfield></datafield><datafield ind1="0" ind2="0" tag="785"><subfield code="t">Richmond telescope &amp; register</subfield><subfield code="w">(OCoLC)11615670</subfield></datafield></record>